@article{vgg2014,
  title   = {Very deep convolutional networks for large-scale image recognition},
  author  = {Simonyan, Karen and Zisserman, Andrew},
  journal = {arXiv preprint arXiv:1409.1556},
  year    = {2014}
}

@inproceedings{resnet2016,
  title     = {Deep residual learning for image recognition},
  author    = {He, Kaiming and Zhang, Xiangyu and Ren, Shaoqing and Sun, Jian},
  booktitle = {Proceedings of the IEEE conference on computer vision and pattern recognition},
  pages     = {770--778},
  year      = {2016}
}

@inproceedings{densenet2017,
  title     = {Densely connected convolutional networks},
  author    = {Huang, Gao and Liu, Zhuang and Van Der Maaten, Laurens and Weinberger, Kilian Q},
  booktitle = {Proceedings of the IEEE conference on computer vision and pattern recognition},
  pages     = {4700--4708},
  year      = {2017}
}

@misc{vgg_arch,
  author       = {Davi Frossard},
  title        = {VGG in TensorFlow},
  howpublished = {\url{https://www.cs.toronto.edu/~frossard/post/vgg16/}}
}

@article{bn_reason,
  title   = {A Gentle Introduction to Batch Normalization for Deep Neural Networks},
  author  = {BROWNLEE, Jason},
  journal = {Machine Learning Mastery [online]},
  volume  = {16},
  year    = {2019}
}

@article{alexnet,
  title     = {Imagenet classification with deep convolutional neural networks},
  author    = {Krizhevsky, Alex and Sutskever, Ilya and Hinton, Geoffrey E},
  journal   = {Communications of the ACM},
  volume    = {60},
  number    = {6},
  pages     = {84--90},
  year      = {2017},
  publisher = {ACM New York, NY, USA}
}

@article{squeezenet2016,
  title   = {SqueezeNet: AlexNet-level accuracy with 50x fewer parameters and< 0.5 MB model size},
  author  = {Iandola, Forrest N and Han, Song and Moskewicz, Matthew W and Ashraf, Khalid and Dally, William J and Keutzer, Kurt},
  journal = {arXiv preprint arXiv:1602.07360},
  year    = {2016}
}


@misc{topk,
  author       = {Rushabh Nagda},
  title        = {Evaluating models using the Top N accuracy metrics},
  howpublished = {\url{https://medium.com/nanonets/evaluating-models-using-the-top-n-accuracy-metrics-c0355b36f91b}}
}

@misc{conf_matrix,
  author       = {ANIRUDDHA BHANDARIRushabh Nagda},
  title        = {Everything you Should Know about Confusion Matrix for Machine Learning},
  howpublished = {\url{https://www.analyticsvidhya.com/blog/2020/04/confusion-matrix-machine-learning/}}
}

